<?xml version="1.0" encoding="UTF-8"?><collection><record><leader>05797ntm a2200589 a 4500</leader><controlfield tag="001">006833896</controlfield><controlfield tag="003">MiAaHDL</controlfield><controlfield tag="005">20190719000000.0</controlfield><controlfield tag="006">m        d        </controlfield><controlfield tag="007">cr bn ---auaua</controlfield><controlfield tag="008">090702s193u    xx            00| ||ara d</controlfield><datafield tag="035" ind1=" " ind2=" "><subfield code="a">(MiU)006833896</subfield></datafield><datafield tag="035" ind1=" " ind2=" "><subfield code="a">sdr-miu006833896</subfield></datafield><datafield tag="040" ind1=" " ind2=" "><subfield code="a">MiU</subfield><subfield code="c">MiU</subfield><subfield code="e">amremm</subfield></datafield><datafield tag="043" ind1=" " ind2=" "><subfield code="a">n-us-mi</subfield></datafield><datafield tag="245" ind1="0" ind2="0"><subfield code="6">880-03</subfield><subfield code="a">[Ṣaḥāʼif al-aʻlām sharḥ Tahdhīb al-kalām ...etc.,</subfield><subfield code="f">193-?].</subfield></datafield><datafield tag="246" ind1="3" ind2="8"><subfield code="a">تهذيب المنطق والكلام</subfield></datafield><datafield tag="246" ind1="3" ind2=" "><subfield code="i">Title from inscription on opening 'title page' (p.1):</subfield><subfield code="a">تهذيب المنطق والكلام</subfield></datafield><datafield tag="260" ind1=" " ind2=" "><subfield code="c">[193-?].</subfield></datafield><datafield tag="300" ind1=" " ind2=" "><subfield code="a">172 leaves leaves :</subfield><subfield code="b">paper ;</subfield><subfield code="c">213 x 173 mm. bound to 220 x 177 mm.</subfield></datafield><datafield tag="500" ind1=" " ind2=" "><subfield code="a">Shelfmark: Ann Arbor, University of Michigan, Special Collections Library, Isl. Ms. 988</subfield></datafield><datafield tag="500" ind1=" " ind2=" "><subfield code="a">Origin: Lacks dated colophon ; likely copied in Egypt in the late 1930s and eventually bound for James Heyworth-Dunne (d.1974). As appears on the 'title page' for certain sections (see p.245, i.e. 'title page' for the 15th Ṣaḥīfah on the third bāb, etc.), copied by the anonymous "ا ع" who has identified himself as the copyist of other manuscripts eventually bound for James Heyworth-Dunne (d.1974), see Isl. Ms. 905, Isl. Ms. 910, Isl. Ms. 937, Isl. Ms. 981, Isl. Ms. 998 and likely Isl. Ms. 929.</subfield></datafield><datafield tag="500" ind1=" " ind2=" "><subfield code="a">Former shelfmark: Mich. Isl. Ms. temp. no. 137</subfield></datafield><datafield tag="500" ind1=" " ind2=" "><subfield code="a">Binding: Boards covered in dark green cloth with dark green leather over spine (quarter binding) ; pastedowns and flyleaves in wove paper printed with a floral vegetal pattern in green ; spine gold-stamped with title and decorative accents over raised bands "تهذيب المنطق والكلام | J.H.D." ; sewing difficult to examine ; stuck-on endbands (blue and white stripe) ; overall in fairly good condition.</subfield></datafield><datafield tag="500" ind1=" " ind2=" "><subfield code="a">Support: Machine wove paper of two main types ; one type, cream in color with watermarks of what appears to be a head portrait (bordered in branches with a ribbon) and tuğra / ṭughrā of the sultan (see pp.2, 4, 16, 18, etc.) ; another type brown in color, with no watermarks visible ; one bifolium in ruled (graph) wove paper near opening (see pp.5-8).</subfield></datafield><datafield tag="500" ind1=" " ind2=" "><subfield code="a">Decoration: Text executed entirely in red ink.</subfield></datafield><datafield tag="500" ind1=" " ind2=" "><subfield code="a">Script: Ruqʻah ; quick, compact hand initially in a bold line, later in a much thinner line ; serifless and freely ligatured with effect of inclination to the right and of words descending to baseline, mainly closed counters, pointing somewhat careless and in strokes rather than distinct dots, final yāʼ usually unpointed.</subfield></datafield><datafield tag="500" ind1=" " ind2=" "><subfield code="a">Layout: Written mainly in 17-21 lines per page.</subfield></datafield><datafield tag="500" ind1=" " ind2=" "><subfield code="a">Collation: Leaves between sections left blank ; pagination in pencil, Western numerals, supplied during digitization (follows p.299 with p.230, and thereafter off by 70).</subfield></datafield><datafield tag="500" ind1=" " ind2=" "><subfield code="a">Incipit: [Ṣaḥāʼif al-aʻlām sharḥ Tahdhīb al-kalām] "الباب الثاني في الامور العامة لما عتد لكل من الواجب والجوهر والعرص بابا على حده يبحث فيه عنه كان من حسن الصناعة ان يضع بابا للامور العامة الشاملة الثلاثة ..." ; [Tajrīd kalām al-ḥukamāʼ min al-Tahdhīb] "هذا تجريد اقوال الحكماء المحكية في تهذيب السعد للكلام بباب الجواهر من اقوال غيرهم مع تعليقاتنا : ا ع ص قالوا الجوهر إن كان قابلا للابعاد فجسم ولا فإما جزء له بالفعل فصورة او بالقوة فمادة واما خارج يتعلق به فنفس والافعقل ..."</subfield></datafield><datafield tag="500" ind1=" " ind2=" "><subfield code="a">Title supplied by cataloguer from inscription on 'title page' (p.1).</subfield></datafield><datafield tag="500" ind1=" " ind2=" "><subfield code="a">Ms. codex.</subfield></datafield><datafield tag="505" ind1="0" ind2=" "><subfield code="a">3. p."235"-p."272" : Tajrīd aqwāl al-ḥukamāʼ al-maḥkīyah fī Tahdhīb al-Saʻd maʻa taʻlīqāt Alif ʻAyn.</subfield></datafield><datafield tag="505" ind1="0" ind2=" "><subfield code="a">2. p."234" : [blank].</subfield></datafield><datafield tag="505" ind1="0" ind2=" "><subfield code="a">1. p.1-p."233" : Ṣaḥāʼif al-aʻlām sharḥ Tahdhīb al-kalām.</subfield></datafield><datafield tag="510" ind1="4" ind2=" "><subfield code="a">Brockelmann, C. GAL,</subfield><subfield code="c">II 215 ; S II 302</subfield></datafield><datafield tag="520" ind1="8" ind2=" "><subfield code="a">Careful copy of selected commentary in 47 and 29 sections on the second and third bābs of al-Taftāzānī's (d. 793/1390) Tahdhīb al-manṭiq wa-al-kalām, followed by further commentary on the Tahdhīb including glosses by the copyist, the anonymous "ا ع" .</subfield></datafield><datafield tag="538" ind1=" " ind2=" "><subfield code="a">Mode of access: Internet.</subfield></datafield><datafield tag="541" ind1=" " ind2=" "><subfield code="a">Acquired in the Fall of 1950.</subfield></datafield><datafield tag="546" ind1=" " ind2=" "><subfield code="a">Arabic.</subfield></datafield><datafield tag="561" ind1=" " ind2=" "><subfield code="a">On upper pastedown, label with ex libris of James Heyworth-Dunne (d.1974), stamped with inventory number, "Ex Libris | J. Heyworth-Dunne | D. Lit. (London) | No. 7932" ; UM Library inscription on p.3 "Dunning | Heyworth-Dunne | 6-13-51 | 71955" ; possible former inventory mark "231/53" on verso of final leaf (p."274") ; a few marginal glosses.</subfield></datafield><datafield tag="600" ind1="1" ind2="0"><subfield code="a">Taftāzānī, Masʻūd ibn ʻUmar,</subfield><subfield code="d">1322-1389?</subfield><subfield code="t">Tahdhīb al-manṭiq wa-al-kalām.</subfield></datafield><datafield tag="650" ind1=" " ind2="0"><subfield code="a">Manuscripts, Arabic</subfield><subfield code="z">Michigan</subfield><subfield code="z">Ann Arbor.</subfield></datafield><datafield tag="650" ind1=" " ind2="0"><subfield code="a">Logic</subfield><subfield code="v">Early works to 1800.</subfield></datafield><datafield tag="650" ind1=" " ind2="0"><subfield code="a">Islam</subfield><subfield code="x">Doctrines</subfield><subfield code="v">Early works to 1800.</subfield></datafield><datafield tag="700" ind1="1" ind2=" "><subfield code="a">Heyworth-Dunne, J.</subfield><subfield code="q">(James),</subfield><subfield code="e">former owner.</subfield></datafield><datafield tag="740" ind1="0" ind2="2"><subfield code="6">880-08</subfield><subfield code="a">تجريد كلام الحكماء من التهذيب</subfield></datafield><datafield tag="740" ind1="0" ind2="2"><subfield code="6">880-07</subfield><subfield code="a">تجريد اقوال الحكماء المحكية في تهذيب السعد مع تعليقات اع</subfield></datafield><datafield tag="773" ind1="0" ind2=" "><subfield code="a">Heyworth-Dunne Collection.</subfield></datafield><datafield tag="880" ind1="0" ind2="2"><subfield code="6">740-08/</subfield><subfield code="a">Tajrīd kalām al-ḥukamāʼ min al-Tahdhīb</subfield></datafield><datafield tag="880" ind1="0" ind2="2"><subfield code="6">740-07/</subfield><subfield code="a">Tajrīd aqwāl al-ḥukamāʼ al-maḥkīyah fī Tahdhīb al-Saʻd maʻa taʻlīqāt Alif ʻAyn</subfield></datafield><datafield tag="880" ind1="0" ind2="0"><subfield code="6">245-03/</subfield><subfield code="a">[صحائف الاعلام شرح تهذيب الكلام ...الخ,</subfield><subfield code="f">193-م?].</subfield></datafield><datafield tag="CID" ind1=" " ind2=" "><subfield code="a">006833896</subfield></datafield><datafield tag="DAT" ind1="0" ind2=" "><subfield code="a">20190719102641.0</subfield><subfield code="b">20190719000000.0</subfield></datafield><datafield tag="DAT" ind1="1" ind2=" "><subfield code="a">20190719090653.0</subfield><subfield code="b">2019-07-19T16:12:21Z</subfield></datafield><datafield tag="DAT" ind1="2" ind2=" "><subfield code="a">2015-10-10T18:00:06Z</subfield></datafield><datafield tag="CAT" ind1=" " ind2=" "><subfield code="a">SDR-MIU</subfield><subfield code="d">EX LIBRIS - ALEPH</subfield><subfield code="l">prepare.pl-004-008</subfield></datafield><datafield tag="FMT" ind1=" " ind2=" "><subfield code="a">BK</subfield></datafield><datafield tag="HOL" ind1=" " ind2=" "><subfield code="0">sdr-miu006833896</subfield><subfield code="a">MiU</subfield><subfield code="b">SDR</subfield><subfield code="c">MIU</subfield><subfield code="p">mdp.39015079131754</subfield><subfield code="s">MIU</subfield><subfield code="1">006833896</subfield></datafield><datafield tag="974" ind1=" " ind2=" "><subfield code="b">MIU</subfield><subfield code="c">MIU</subfield><subfield code="d">20190719</subfield><subfield code="s">lit-dlps-dc</subfield><subfield code="u">mdp.39015079131754</subfield><subfield code="y">1939</subfield><subfield code="r">ic-world</subfield><subfield code="q">man</subfield></datafield></record></collection>